% Encoding: Cp1252

@article{MaalejRobillard,
  author    = {Walid Maalej and Martin P. Robillard},
  title     = {Patterns of Knowledge in API Reference Documentation},
  journal   = {IEEE Transactions On Software Engineering},
  volume    = {39},
  number    = {9},
  year      = {2013}, 
  month     = {09}
  pages     = {1264-1282}
  url       = {\url{http://mobis.informatik.uni-hamburg.de/wp-content/uploads/2013/03/TSE-2012-04-0081.R2_Maalej.pdf}}
}

